<record><leader>00000cas a22000007a 4500</leader><controlfield tag="001">19340755</controlfield><controlfield tag="008">890310d19321942pauwr ne      0    0eng d</controlfield><datafield ind1=" " ind2=" " tag="010"><subfield code="a">sn 89077091 </subfield></datafield><datafield ind1=" " ind2=" " tag="040"><subfield code="a">NPH</subfield><subfield code="b">eng</subfield><subfield code="c">NPH</subfield><subfield code="d">OCLCQ</subfield></datafield><datafield ind1=" " ind2=" " tag="042"><subfield code="a">msc</subfield></datafield><datafield ind1="0" ind2=" " tag="130"><subfield code="a">News-beacon (Zelienople, Pa.)</subfield></datafield><datafield ind1="1" ind2="4" tag="245"><subfield code="a">The news-beacon.</subfield></datafield><datafield ind1=" " ind2=" " tag="260"><subfield code="a">Zelienople, Pa. :</subfield><subfield code="b">J.E. Rinesmith,</subfield><subfield code="c">1932-1942.</subfield></datafield><datafield ind1=" " ind2=" " tag="300"><subfield code="a">v. :</subfield><subfield code="b">ill. ;</subfield><subfield code="c">56 cm.</subfield></datafield><datafield ind1=" " ind2=" " tag="310"><subfield code="a">Weekly</subfield></datafield><datafield ind1="0" ind2=" " tag="362"><subfield code="a">54th yr., no. 42 (Aug. 4, 1932)-64th yr., no. [52] (Oct. 9, 1942).</subfield></datafield><datafield ind1=" " ind2=" " tag="752"><subfield code="a">United States</subfield><subfield code="b">Pennsylvania</subfield><subfield code="c">Butler</subfield><subfield code="d">Zelienople.</subfield></datafield><datafield ind1="0" ind2="4" tag="780"><subfield code="t">Tri-boro beacon</subfield><subfield code="w">(DLC)sn 89077104</subfield></datafield><datafield ind1="0" ind2="4" tag="780"><subfield code="t">Connoquenessing Valley news</subfield><subfield code="w">(DLC)sn 87079931</subfield></datafield><datafield ind1="0" ind2="7" tag="785"><subfield code="t">Butler County record</subfield><subfield code="w">(DLC)sn 89077093</subfield></datafield><datafield ind1="0" ind2="7" tag="785"><subfield code="t">Butler County news record (Zelienople, Pa. : 1942)</subfield><subfield code="w">(DLC)sn 88080975</subfield></datafield></record>